<collection xmlns="http://www.loc.gov/MARC21/slim">
<record>
  <leader>01548nam0a22002771i 450 </leader>
  <controlfield tag="001">IT\ICCU\CNCE\047453</controlfield>
  <controlfield tag="005">20080208000000.0</controlfield>
  <datafield tag="012" ind1=" " ind2=" ">
    <subfield code="a">ueam icti ioer cite (3) 1554 (R)</subfield>
    <subfield code="2">fei</subfield>
  </datafield>
  <datafield tag="100" ind1=" " ind2=" ">
    <subfield code="a">19990223d1554        0itac0103    ba</subfield>
  </datafield>
  <datafield tag="101" ind1=" " ind2=" ">
    <subfield code="a">LAT</subfield>
  </datafield>
  <datafield tag="102" ind1=" " ind2=" ">
    <subfield code="a">IT</subfield>
  </datafield>
  <datafield tag="200" ind1="1" ind2=" ">
    <subfield code="a">℗Camilli Plautii Paezonis iurisconsulti Fontanellatensis &amp; in Ticinensi Academia interpretis ordinarij subtilissimi, ℗In l. Barbarius ff. de officio Praeto, praeclara commentaria. Praestantissimo viro d. Cassiano de Puteo Vercellarum Praesidi dignissimo dedicata. Emisit Ioannes Franciscus Faraudus Nicensis</subfield>
  </datafield>
  <datafield tag="210" ind1=" " ind2=" ">
    <subfield code="a">Patauij</subfield>
    <subfield code="c">apud Gratiosum Perchacinum</subfield>
    <subfield code="d">1554</subfield>
  </datafield>
  <datafield tag="215" ind1=" " ind2=" ">
    <subfield code="a">100, \6! c.</subfield>
    <subfield code="d">8ʻ</subfield>
  </datafield>
  <datafield tag="620" ind1=" " ind2=" ">
    <subfield code="a">IT</subfield>
    <subfield code="d">Padova</subfield>
  </datafield>
  <datafield tag="700" ind1=" " ind2="1">
    <subfield code="a">Plauzio Pezone,</subfield>
    <subfield code="b">Camillo</subfield>
    <subfield code="3">IT\ICCU\CNCA\006700</subfield>
  </datafield>
  <datafield tag="702" ind1=" " ind2="1">
    <subfield code="a">Faraudus,</subfield>
    <subfield code="b">Ioannes Franciscus</subfield>
    <subfield code="3">IT\ICCU\CNCA\012670</subfield>
  </datafield>
  <datafield tag="712" ind1="0" ind2="0">
    <subfield code="a">Percacino, Grazioso</subfield>
    <subfield code="3">IT\ICCU\CNCT\000435</subfield>
    <subfield code="4">650</subfield>
  </datafield>
  <datafield tag="790" ind1=" " ind2="1">
    <subfield code="a">Plautius,</subfield>
    <subfield code="b">Camillus</subfield>
    <subfield code="3">IT\ICCU\CNCA\017173</subfield>
    <subfield code="z">Plauzio Pezone, Camillo</subfield>
  </datafield>
  <datafield tag="790" ind1=" " ind2="1">
    <subfield code="a">Plauzio,</subfield>
    <subfield code="b">Camillo</subfield>
    <subfield code="3">IT\ICCU\CNCA\023145</subfield>
    <subfield code="z">Plauzio Pezone, Camillo</subfield>
  </datafield>
  <datafield tag="791" ind1="0" ind2="0">
    <subfield code="a">Perchacinus, Gratiosus</subfield>
    <subfield code="3">IT\ICCU\CNCT\002488</subfield>
    <subfield code="z">Percacino, Grazioso</subfield>
  </datafield>
  <datafield tag="791" ind1="0" ind2="0">
    <subfield code="a">Perchacino, Gratioso</subfield>
    <subfield code="3">IT\ICCU\CNCT\005369</subfield>
    <subfield code="z">Percacino, Grazioso</subfield>
  </datafield>
  <datafield tag="791" ind1="0" ind2="0">
    <subfield code="a">Percaccino, Gratioso</subfield>
    <subfield code="3">IT\ICCU\CNCT\005370</subfield>
    <subfield code="z">Percacino, Grazioso</subfield>
  </datafield>
  <datafield tag="801" ind1=" " ind2="3">
    <subfield code="a">IT</subfield>
    <subfield code="b">ICCU</subfield>
    <subfield code="c">20201115</subfield>
  </datafield>
  <datafield tag="899" ind1=" " ind2=" ">
    <subfield code="a">Biblioteca universitaria Alessandrina. Roma</subfield>
    <subfield code="1">RM0280</subfield>
    <subfield code="2">RML 01</subfield>
  </datafield>
  <datafield tag="921" ind1=" " ind2=" ">
    <subfield code="a">IT\ICCU\CNCM\000157</subfield>
    <subfield code="b">Salamandra coronata, tra le fiamme.</subfield>
    <subfield code="e">Non igne uiuo, sed ignem extngo [!]</subfield>
    <subfield code="c">V149</subfield>
    <subfield code="c">Z1019</subfield>
    <subfield code="d">Dimensioni: 5,3 x 4,5</subfield>
    <subfield code="f">SALAMANDRA</subfield>
    <subfield code="g">1540-1590</subfield>
  </datafield>
</record>
</collection>
